@article{DBLP:journals/corr/ChengL16a,
  author    = {Jianpeng Cheng and
               Mirella Lapata},
  title     = {Neural Summarization by Extracting Sentences and Words},
  journal   = {CoRR},
  volume    = {abs/1603.07252},
  year      = {2016},
  url       = {http://arxiv.org/abs/1603.07252},
  timestamp = {Fri, 24 Jun 2016 07:46:15 +0200},
  biburl    = {http://dblp.uni-trier.de/rec/bib/journals/corr/ChengL16a},
  bibsource = {dblp computer science bibliography, http://dblp.org}
}
@article{DBLP:journals/corr/RushCW15,
  author    = {Alexander M. Rush and
               Sumit Chopra and
               Jason Weston},
  title     = {A Neural Attention Model for Abstractive Sentence Summarization},
  journal   = {CoRR},
  volume    = {abs/1509.00685},
  year      = {2015},
  url       = {http://arxiv.org/abs/1509.00685},
  timestamp = {Thu, 01 Oct 2015 14:28:48 +0200},
  biburl    = {http://dblp.uni-trier.de/rec/bib/journals/corr/RushCW15},
  bibsource = {dblp computer science bibliography, http://dblp.org}
}
@incollection{Graff03,
       author = "David Graff, Junbo Kong, Ke Chen, and Kazuaki Maeda",
       title = "English gigaword. Linguistic Data Consortium, Philadelphia",
       year = "2003"
}
@article{DBLP:journals/corr/HermannKGEKSB15,
  author    = {Karl Moritz Hermann and
               Tom{\'{a}}s Kocisk{\'{y}} and
               Edward Grefenstette and
               Lasse Espeholt and
               Will Kay and
               Mustafa Suleyman and
               Phil Blunsom},
  title     = {Teaching Machines to Read and Comprehend},
  journal   = {CoRR},
  volume    = {abs/1506.03340},
  year      = {2015},
  url       = {http://arxiv.org/abs/1506.03340},
  timestamp = {Wed, 01 Jul 2015 15:10:24 +0200},
  biburl    = {http://dblp.uni-trier.de/rec/bib/journals/corr/HermannKGEKSB15},
  bibsource = {dblp computer science bibliography, http://dblp.org}
}

@article{DBLP:journals/corr/abs-1210-3312,
  author    = {Juan{-}Manuel Torres{-}Moreno},
  title     = {Artex is AnotheR TEXt summarizer},
  journal   = {CoRR},
  volume    = {abs/1210.3312},
  year      = {2012},
  url       = {http://arxiv.org/abs/1210.3312},
  timestamp = {Wed, 10 Sep 2014 15:59:53 +0200},
  biburl    = {http://dblp.uni-trier.de/rec/bib/journals/corr/abs-1210-3312},
  bibsource = {dblp computer science bibliography, http://dblp.org}
}

@techreport{ilprints422,
          number = {1999-66},
           month = {November},
          author = {Lawrence Page and Sergey Brin and Rajeev Motwani and Terry Winograd},
            note = {Previous number = SIDL-WP-1999-0120},
           title = {The PageRank Citation Ranking: Bringing Order to the Web.},
            type = {Technical Report},
       publisher = {Stanford InfoLab},
            year = {1999},
     institution = {Stanford InfoLab},
             url = {http://ilpubs.stanford.edu:8090/422/},
        abstract = {The importance of a Web page is an inherently subjective matter, which depends on the readers interests, knowledge and attitudes. But there is still much that can be said objectively about the relative importance of Web pages. This paper describes PageRank, a mathod for rating Web pages objectively and mechanically, effectively measuring the human interest and attention devoted to them. We compare PageRank to an idealized random Web surfer. We show how to efficiently compute PageRank for large numbers of pages. And, we show how to apply PageRank to search and to user navigation.}
}

@article{DBLP:journals/corr/abs-1109-2128,
  author    = {G{\"{u}}nes Erkan and
               Dragomir R. Radev},
  title     = {LexRank: Graph-based Lexical Centrality as Salience in Text Summarization},
  journal   = {CoRR},
  volume    = {abs/1109.2128},
  year      = {2011},
  url       = {http://arxiv.org/abs/1109.2128},
  timestamp = {Wed, 10 Oct 2012 21:28:44 +0200},
  biburl    = {http://dblp.uni-trier.de/rec/bib/journals/corr/abs-1109-2128},
  bibsource = {dblp computer science bibliography, http://dblp.org}
}

@inproceedings{DBLP:conf/emnlp/MihalceaT04,
  author    = {Rada Mihalcea and
               Paul Tarau},
  title     = {TextRank: Bringing Order into Text},
  booktitle = {Proceedings of the 2004 Conference on Empirical Methods in Natural
               Language Processing , {EMNLP} 2004, {A} meeting of SIGDAT, a Special
               Interest Group of the ACL, held in conjunction with {ACL} 2004, 25-26
               July 2004, Barcelona, Spain},
  pages     = {404--411},
  year      = {2004},
  crossref  = {DBLP:conf/emnlp/2004},
  url       = {http://www.aclweb.org/anthology/W04-3252},
  timestamp = {Wed, 23 Jun 2010 15:22:19 +0200},
  biburl    = {http://dblp.uni-trier.de/rec/bib/conf/emnlp/MihalceaT04},
  bibsource = {dblp computer science bibliography, http://dblp.org}
}

@inproceedings{DBLP:conf/sigir/KupiecPC95,
  author    = {Julian Kupiec and
               Jan O. Pedersen and
               Francine Chen},
  title     = {A Trainable Document Summarizer},
  booktitle = {SIGIR'95, Proceedings of the 18th Annual International {ACM} {SIGIR}
               Conference on Research and Development in Information Retrieval. Seattle,
               Washington, USA, July 9-13, 1995 (Special Issue of the {SIGIR} Forum)},
  pages     = {68--73},
  year      = {1995},
  crossref  = {DBLP:conf/sigir/95},
  url       = {http://doi.acm.org/10.1145/215206.215333},
  doi       = {10.1145/215206.215333},
  timestamp = {Thu, 23 Jun 2016 15:53:28 +0200},
  biburl    = {http://dblp.uni-trier.de/rec/bib/conf/sigir/KupiecPC95},
  bibsource = {dblp computer science bibliography, http://dblp.org}
}

@article{DBLP:journals/corr/MikolovSCCD13,
  author    = {Tomas Mikolov and
               Ilya Sutskever and
               Kai Chen and
               Greg Corrado and
               Jeffrey Dean},
  title     = {Distributed Representations of Words and Phrases and their Compositionality},
  journal   = {CoRR},
  volume    = {abs/1310.4546},
  year      = {2013},
  url       = {http://arxiv.org/abs/1310.4546},
  timestamp = {Thu, 07 May 2015 20:02:01 +0200},
  biburl    = {http://dblp.uni-trier.de/rec/bib/journals/corr/MikolovSCCD13},
  bibsource = {dblp computer science bibliography, http://dblp.org}
}

@inproceedings{DBLP:conf/emnlp/PenningtonSM14,
  author    = {Jeffrey Pennington and
               Richard Socher and
               Christopher D. Manning},
  title     = {Glove: Global Vectors for Word Representation},
  booktitle = {Proceedings of the 2014 Conference on Empirical Methods in Natural
               Language Processing, {EMNLP} 2014, October 25-29, 2014, Doha, Qatar,
               {A} meeting of SIGDAT, a Special Interest Group of the {ACL}},
  pages     = {1532--1543},
  year      = {2014},
  crossref  = {DBLP:conf/emnlp/2014},
  url       = {http://aclweb.org/anthology/D/D14/D14-1162.pdf},
  timestamp = {Sat, 15 Nov 2014 14:45:18 +0100},
  biburl    = {http://dblp.uni-trier.de/rec/bib/conf/emnlp/PenningtonSM14},
  bibsource = {dblp computer science bibliography, http://dblp.org}
}

@article{DBLP:journals/corr/ChoMGBSB14,
  author    = {Kyunghyun Cho and
               Bart van Merrienboer and
               {\c{C}}aglar G{\"{u}}l{\c{c}}ehre and
               Fethi Bougares and
               Holger Schwenk and
               Yoshua Bengio},
  title     = {Learning Phrase Representations using {RNN} Encoder-Decoder for Statistical
               Machine Translation},
  journal   = {CoRR},
  volume    = {abs/1406.1078},
  year      = {2014},
  url       = {http://arxiv.org/abs/1406.1078},
  timestamp = {Wed, 02 Jul 2014 08:24:58 +0200},
  biburl    = {http://dblp.uni-trier.de/rec/bib/journals/corr/ChoMGBSB14},
  bibsource = {dblp computer science bibliography, http://dblp.org}
}

@article{DBLP:journals/corr/BahdanauCB14,
  author    = {Dzmitry Bahdanau and
               Kyunghyun Cho and
               Yoshua Bengio},
  title     = {Neural Machine Translation by Jointly Learning to Align and Translate},
  journal   = {CoRR},
  volume    = {abs/1409.0473},
  year      = {2014},
  url       = {http://arxiv.org/abs/1409.0473},
  timestamp = {Wed, 01 Oct 2014 15:00:04 +0200},
  biburl    = {http://dblp.uni-trier.de/rec/bib/journals/corr/BahdanauCB14},
  bibsource = {dblp computer science bibliography, http://dblp.org}
}